<collection xmlns="http://www.loc.gov/MARC21/slim">
<record>
  <leader>02185nam0a2200301 i 450 </leader>
  <controlfield tag="001">IT\ICCU\CNCE\015506</controlfield>
  <controlfield tag="005">20130102000000.0</controlfield>
  <datafield tag="012" ind1=" " ind2=" ">
    <subfield code="a">o.X. o-m- lili i.,&amp; (S) 1580 (Q)</subfield>
    <subfield code="2">fei</subfield>
  </datafield>
  <datafield tag="100" ind1=" " ind2=" ">
    <subfield code="a">19970101f1580        0itac0103    ba</subfield>
  </datafield>
  <datafield tag="101" ind1=" " ind2=" ">
    <subfield code="a">ITA</subfield>
  </datafield>
  <datafield tag="102" ind1=" " ind2=" ">
    <subfield code="a">IT</subfield>
  </datafield>
  <datafield tag="200" ind1="1" ind2=" ">
    <subfield code="a">Ermolao Arlotti dottore di leggi, &amp; prete reggiano, &amp; di monsig. reuerendiss. vescouo di Reggio vicario generale. Concediamo licenza alli  confratri, &amp; Compagnia del Santissimo Sacramento aggregata alla Santissima Trinit,̉ instituita nella chiesa di San Pietro di Reggio, di poter far domandare, &amp; riceuere elemosina nella citt,̉ &amp; diocesi di Reggio ...</subfield>
  </datafield>
  <datafield tag="210" ind1=" " ind2=" ">
    <subfield code="d">\1580?!</subfield>
  </datafield>
  <datafield tag="215" ind1=" " ind2=" ">
    <subfield code="a">1 foglio</subfield>
    <subfield code="d">1/2 obl</subfield>
  </datafield>
  <datafield tag="300" ind1=" " ind2=" ">
    <subfield code="a">Data di emanazione: Reggio Emilia, 22 giugno 1580</subfield>
  </datafield>
  <datafield tag="620" ind1=" " ind2=" ">
    <subfield code="a">IT</subfield>
    <subfield code="d">Reggio Emilia</subfield>
  </datafield>
  <datafield tag="710" ind1="0" ind2="2">
    <subfield code="a">Confraternita del SS. Sacramento in S. Pietro</subfield>
    <subfield code="c"> &lt;Reggio Emilia&gt;</subfield>
    <subfield code="3">IT\ICCU\CNCT\004005</subfield>
  </datafield>
  <datafield tag="712" ind1="0" ind2="2">
    <subfield code="a"></subfield>
    <subfield code="c"> &lt;Roma&gt;</subfield>
    <subfield code="3">IT\ICCU\CNCT\004166</subfield>
  </datafield>
  <datafield tag="712" ind1="0" ind2="2">
    <subfield code="a">s.n.</subfield>
    <subfield code="3">IT\ICCU\CNCT\000002</subfield>
    <subfield code="4">650</subfield>
  </datafield>
  <datafield tag="791" ind1="0" ind2="2">
    <subfield code="a">Compagnia del SS. Sacramento in S. Pietro</subfield>
    <subfield code="c"> &lt;Reggio Emilia&gt;</subfield>
    <subfield code="3">IT\ICCU\CNCT\004006</subfield>
    <subfield code="z">Confraternita del SS. Sacramento in S. Pietro &lt;Reggio Emilia&gt;</subfield>
  </datafield>
  <datafield tag="791" ind1="0" ind2="2">
    <subfield code="a"></subfield>
    <subfield code="c"> &lt;Roma&gt;</subfield>
    <subfield code="3">IT\ICCU\CNCT\004171</subfield>
    <subfield code="z">Arciconfraternita della SS. Trinit ̉&lt;Roma&gt;</subfield>
  </datafield>
  <datafield tag="791" ind1="0" ind2="2">
    <subfield code="a">Archiconfraternitas Sanctissimae Trinitatis de Vrbe</subfield>
    <subfield code="3">IT\ICCU\CNCT\004172</subfield>
    <subfield code="z">Arciconfraternita della SS. Trinit ̉&lt;Roma&gt;</subfield>
  </datafield>
  <datafield tag="791" ind1="0" ind2="2">
    <subfield code="a">Arciconfraternita della SS. Trinit ̉dei Pellegrini e Convalescenti</subfield>
    <subfield code="c"> &lt;Roma&gt;</subfield>
    <subfield code="3">IT\ICCU\CNCT\004173</subfield>
    <subfield code="z">Arciconfraternita della SS. Trinit ̉&lt;Roma&gt;</subfield>
  </datafield>
  <datafield tag="791" ind1="0" ind2="2">
    <subfield code="a">Archiconfraternitas Sanctissimae Trinitatis Peregrinorum et Convalescentium de Vrbe</subfield>
    <subfield code="3">IT\ICCU\CNCT\004174</subfield>
    <subfield code="z">Arciconfraternita della SS. Trinit ̉&lt;Roma&gt;</subfield>
  </datafield>
  <datafield tag="791" ind1="0" ind2="2">
    <subfield code="a">Archiconfraternitas Hospitalis SS. Trinitatis Pauperum Peregrinorum et Convalescentium de Vrbe</subfield>
    <subfield code="3">IT\ICCU\CNCT\004175</subfield>
    <subfield code="z">Arciconfraternita della SS. Trinit ̉&lt;Roma&gt;</subfield>
  </datafield>
  <datafield tag="791" ind1="0" ind2="0">
    <subfield code="a">Archiconfraternita della SS. Trinit,̉ dei Pellegrini e Convalescenti</subfield>
    <subfield code="c"> &lt;Roma&gt;</subfield>
    <subfield code="3">IT\ICCU\CNCT\004318</subfield>
    <subfield code="z">Arciconfraternita della SS. Trinit ̉&lt;Roma&gt;</subfield>
  </datafield>
  <datafield tag="801" ind1=" " ind2="3">
    <subfield code="a">IT</subfield>
    <subfield code="b">ICCU</subfield>
    <subfield code="c">20201114</subfield>
  </datafield>
  <datafield tag="899" ind1=" " ind2=" ">
    <subfield code="a">Archivio di Stato di Reggio Emilia. Reggio Emilia</subfield>
    <subfield code="1">RE0048</subfield>
    <subfield code="2">ZRE 11</subfield>
  </datafield>
</record>
</collection>
